<record><leader>00000cas a22000007a 4500</leader><controlfield tag="001">14238763</controlfield><controlfield tag="008">860919d18451846dcuwr ne      0    0eng d</controlfield><datafield ind1=" " ind2=" " tag="010"><subfield code="a">sn 86053713 </subfield></datafield><datafield ind1=" " ind2=" " tag="040"><subfield code="a">NPX</subfield><subfield code="b">eng</subfield><subfield code="c">NPX</subfield><subfield code="d">OCLCQ</subfield><subfield code="d">YUS</subfield><subfield code="d">OCLCO</subfield><subfield code="d">OCLCF</subfield></datafield><datafield ind1="1" ind2=" " tag="029"><subfield code="a">AU@</subfield><subfield code="b">000025794106</subfield></datafield><datafield ind1=" " ind2=" " tag="042"><subfield code="a">msc</subfield></datafield><datafield ind1="0" ind2="0" tag="245"><subfield code="a">Democratic expositor and United States journal for the country.</subfield></datafield><datafield ind1=" " ind2=" " tag="260"><subfield code="a">Washington, D.C. :</subfield><subfield code="b">[Theophilus Fisk &amp; Jesse E. Dow]</subfield></datafield><datafield ind1=" " ind2=" " tag="300"><subfield code="a">v. ;</subfield><subfield code="c">25 cm.</subfield></datafield><datafield ind1=" " ind2=" " tag="310"><subfield code="a">Weekly</subfield></datafield><datafield ind1="1" ind2=" " tag="362"><subfield code="a">Began with June 5, 1845 issue; ceased with Feb. 21, 1846 issue.</subfield><subfield code="z">Cf. Bryan, W.B. Bibl. of d. C.</subfield></datafield><datafield ind1=" " ind2=" " tag="500"><subfield code="a">Publishers' names recorded in Bryan, W.B. bibliography of D.C.</subfield></datafield><datafield ind1=" " ind2=" " tag="500"><subfield code="a">Editors: Theophilus Fisk, Jesse E. Dow, &lt;1845&gt;.</subfield></datafield><datafield ind1=" " ind2=" " tag="588"><subfield code="a">Description based on: Vol. 1, no. 15 (Oct. 18, 1845).</subfield></datafield><datafield ind1=" " ind2="0" tag="651"><subfield code="a">United States</subfield><subfield code="x">Politics and government</subfield><subfield code="v">Newspapers.</subfield></datafield><datafield ind1=" " ind2="7" tag="650"><subfield code="a">Politics and government.</subfield><subfield code="2">fast</subfield><subfield code="0">(OCoLC)fst01919741</subfield></datafield><datafield ind1=" " ind2="7" tag="651"><subfield code="a">United States.</subfield><subfield code="2">fast</subfield><subfield code="0">(OCoLC)fst01204155</subfield></datafield><datafield ind1=" " ind2="7" tag="655"><subfield code="a">Newspapers.</subfield><subfield code="2">lcgft</subfield></datafield><datafield ind1=" " ind2="7" tag="655"><subfield code="a">Annotations (Provenance)</subfield><subfield code="y">19th century.</subfield><subfield code="2">rbprov</subfield><subfield code="5">CtY-BR</subfield></datafield><datafield ind1=" " ind2="7" tag="655"><subfield code="a">Newspapers.</subfield><subfield code="2">fast</subfield><subfield code="0">(OCoLC)fst01423814</subfield></datafield><datafield ind1=" " ind2=" " tag="752"><subfield code="a">United States</subfield><subfield code="b">District of Columbia</subfield><subfield code="d">Washington.</subfield></datafield><datafield ind1="0" ind2=" " tag="775"><subfield code="t">United States journal (Washington, D.C. : 1845 : Weekly)</subfield><subfield code="w">(DLC)sn 82016368</subfield></datafield><datafield ind1="0" ind2=" " tag="775"><subfield code="t">United States journal (Washington, D.C. : 1845 : Semiweekly)</subfield><subfield code="w">(DLC)sn 84024436</subfield></datafield><datafield ind1="0" ind2=" " tag="775"><subfield code="t">United States journal (Washington, D.C. : 1845 : Daily)</subfield><subfield code="w">(DLC)sn 84020239</subfield></datafield><datafield ind1="0" ind2="0" tag="780"><subfield code="t">Kendall's expositor</subfield><subfield code="w">(OCoLC)1755067</subfield></datafield></record>